<record><leader>00000cas a22000007a 4500</leader><controlfield tag="001">25691476</controlfield><controlfield tag="008">920422d1uuu19uuwyuwr ne      0    0eng d</controlfield><datafield ind1=" " ind2=" " tag="010"><subfield code="a">sn 92067006 </subfield></datafield><datafield ind1=" " ind2=" " tag="040"><subfield code="a">NVO</subfield><subfield code="b">eng</subfield><subfield code="c">NVO</subfield><subfield code="d">OCLCQ</subfield></datafield><datafield ind1=" " ind2=" " tag="042"><subfield code="a">msc</subfield></datafield><datafield ind1="0" ind2="4" tag="245"><subfield code="a">The Big Horn County news and courier.</subfield></datafield><datafield ind1=" " ind2=" " tag="260"><subfield code="a">Meeteetse, Big Horn County, Wyo. :</subfield><subfield code="b">News Pub. Co.</subfield></datafield><datafield ind1=" " ind2=" " tag="300"><subfield code="a">v.</subfield></datafield><datafield ind1=" " ind2=" " tag="310"><subfield code="a">Weekly</subfield></datafield><datafield ind1=" " ind2=" " tag="588"><subfield code="a">Description based on: Vol. 4, no. 42 (Sept. 6, 1902).</subfield></datafield><datafield ind1=" " ind2="4" tag="651"><subfield code="a">Meeteetse (Wyo.)</subfield><subfield code="v">Newspapers.</subfield></datafield><datafield ind1=" " ind2="4" tag="651"><subfield code="a">Park County (Wyo.)</subfield><subfield code="v">Newspapers.</subfield></datafield><datafield ind1=" " ind2="4" tag="651"><subfield code="a">Big Horn County (Wyo.)</subfield><subfield code="v">Newspapers.</subfield></datafield><datafield ind1=" " ind2=" " tag="752"><subfield code="a">United States</subfield><subfield code="b">Wyoming</subfield><subfield code="c">Park</subfield><subfield code="d">Meeteetse.</subfield></datafield><datafield ind1="0" ind2="4" tag="780"><subfield code="t">Big Horn County news (Meeteetse, Wyo. : 1897)</subfield><subfield code="w">(DLC)sn 92067186</subfield></datafield><datafield ind1="0" ind2="4" tag="780"><subfield code="t">Otto courier</subfield><subfield code="w">(DLC)sn 92066966</subfield></datafield><datafield ind1="0" ind2="0" tag="785"><subfield code="t">Big Horn County news (Meeteetse, Wyo. : 1904)</subfield><subfield code="w">(DLC)sn 90051691</subfield></datafield><datafield ind1="1" ind2=" " tag="029"><subfield code="a">AU@</subfield><subfield code="b">000020701843</subfield></datafield></record>